% This file was created with Citavi 6.4.0.35

@booklet{Brehm.2004,
	author = {Brehm, Ingrid},
	year = {2004},
	title = {Polarographie},
	url = {https://roempp.thieme.de/lexicon/RD-16-02953},
	lastchecked = {28.05.2020},
	publisher = {{Thieme Gruppe}}
}

@booklet{TWV,
	author = {},
	year = {01.01.2020},
	title = {Trinkwasserverordnung},
	url = {https://www.dvgw.de/themen/wasser/trinkwasserverordnung/anlage-1-2/},
	lastchecked = {31.05.2020},
	publisher = {{}}
}


